<?xml version="1.0" encoding="UTF-8"?>
<collection xmlns:xsi="http://www.w3.org/2001/XMLSchema-instance" xsi:schemaLocation="http://www.loc.gov/MARC21/slim http://www.loc.gov/standards/marcxml/schema/MARC21slim.xsd" xmlns="http://www.loc.gov/MARC21/slim">
<record>
  <leader>01938cam a2200385   4500</leader>
  <controlfield tag="001">2531869</controlfield>
  <controlfield tag="003">NNC</controlfield>
  <controlfield tag="005">20140126213926.0</controlfield>
  <controlfield tag="008">850626r19681907iq            000 0carax </controlfield>
  <datafield tag="010" ind1=" " ind2=" ">
    <subfield code="a">   75961253 </subfield>
  </datafield>
  <datafield tag="020" ind1=" " ind2=" ">
    <subfield code="c">£E3.00</subfield>
  </datafield>
  <datafield tag="035" ind1=" " ind2=" ">
    <subfield code="a">(OCoLC)13885046</subfield>
  </datafield>
  <datafield tag="035" ind1=" " ind2=" ">
    <subfield code="a">(OCoLC)ocm13885046</subfield>
  </datafield>
  <datafield tag="035" ind1=" " ind2=" ">
    <subfield code="9">AQL2996CU</subfield>
  </datafield>
  <datafield tag="035" ind1=" " ind2=" ">
    <subfield code="a">(NNC)2531869</subfield>
  </datafield>
  <datafield tag="040" ind1=" " ind2=" ">
    <subfield code="c">NN</subfield>
    <subfield code="d">NN</subfield>
    <subfield code="d">CtY</subfield>
  </datafield>
  <datafield tag="043" ind1=" " ind2=" ">
    <subfield code="a">f-ua---</subfield>
  </datafield>
  <datafield tag="050" ind1="0" ind2=" ">
    <subfield code="a">DT142.A2</subfield>
    <subfield code="b">I23</subfield>
  </datafield>
  <datafield tag="066" ind1=" " ind2=" ">
    <subfield code="c">(3</subfield>
  </datafield>
  <datafield tag="100" ind1="1" ind2=" ">
    <subfield code="6">880-01</subfield>
    <subfield code="a">Ibn al-Zayyāt, Muḥammad ibn Muḥammad,</subfield>
    <subfield code="d">active 14th century-15th century.</subfield>
  </datafield>
  <datafield tag="240" ind1="1" ind2="0">
    <subfield code="6">880-02</subfield>
    <subfield code="a">Kawākib al-sayyārah fī tartīb al-ziyārah fī al-qarāfatayn al-kubrá wa-al-ṣughrá</subfield>
  </datafield>
  <datafield tag="245" ind1="1" ind2="3">
    <subfield code="6">880-03</subfield>
    <subfield code="a">al-Kawākib al-sayyārah fī tartīb al-ziyārah,</subfield>
    <subfield code="c">taʾlīf Shams al-Dīn Abū ʻAbd Allāh Muḥammad ibn Nāṣir al-Dīn al-Anṣārī al-maʻrūf bi-Ibn al-Zayyāt.</subfield>
  </datafield>
  <datafield tag="260" ind1=" " ind2=" ">
    <subfield code="6">880-04</subfield>
    <subfield code="a">Baghdād,</subfield>
    <subfield code="b">Maktabat al-Muthanná</subfield>
    <subfield code="c">[1968?]</subfield>
  </datafield>
  <datafield tag="300" ind1=" " ind2=" ">
    <subfield code="a">3, 410 p.</subfield>
    <subfield code="c">25 cm.</subfield>
  </datafield>
  <datafield tag="500" ind1=" " ind2=" ">
    <subfield code="a">In Arabic.</subfield>
  </datafield>
  <datafield tag="500" ind1=" " ind2=" ">
    <subfield code="a">Cover title: al-Kawakib-us-sayyarah fi tartib-iz-ziyarah, by Ibn-uz-Zayyat Shams-ud-Din Abu Abdil-lah Mohammad b. Nasir id-Din il-Ansari.</subfield>
  </datafield>
  <datafield tag="500" ind1=" " ind2=" ">
    <subfield code="a">Reprint of the ed. published in Cairo, 1907.</subfield>
  </datafield>
  <datafield tag="651" ind1=" " ind2="0">
    <subfield code="a">Cairo (Egypt)</subfield>
    <subfield code="v">Biography</subfield>
    <subfield code="v">Early works to 1800.</subfield>
  </datafield>
  <datafield tag="650" ind1=" " ind2="0">
    <subfield code="a">Cemeteries</subfield>
    <subfield code="z">Egypt</subfield>
    <subfield code="z">Cairo</subfield>
    <subfield code="v">Early works to 1800.</subfield>
  </datafield>
  <datafield tag="880" ind1="1" ind2=" ">
    <subfield code="6">100-01/(3/r</subfield>
    <subfield code="a">ابن الزيات، محمد بن محمد,</subfield>
    <subfield code="d">active 14th century-15th century.</subfield>
  </datafield>
  <datafield tag="880" ind1="1" ind2="0">
    <subfield code="6">240-02/(3/r</subfield>
    <subfield code="a">كواكب السيارة في ترتيب الزيارة في القرافتين الكبرى والصغرى</subfield>
  </datafield>
  <datafield tag="880" ind1="1" ind2="2">
    <subfield code="6">245-03/(3/r</subfield>
    <subfield code="a">الكواكب السيارة في ترتيب الزيارة /</subfield>
    <subfield code="c">تأليف شمس الدين أبو عبد الله محمد بن ناصر الدين الأنصاري المعروف بابن الزيات.</subfield>
  </datafield>
  <datafield tag="880" ind1=" " ind2=" ">
    <subfield code="6">260-04/(3/r</subfield>
    <subfield code="a">بغداد :</subfield>
    <subfield code="b">مكتبة المثنى،</subfield>
    <subfield code="c">[1968]</subfield>
  </datafield>
  <datafield tag="955" ind1=" " ind2=" ">
    <subfield code="b">CU52861490</subfield>
    <subfield code="d">off,glx</subfield>
    <subfield code="e">DT142.A2 I23</subfield>
  </datafield>
</record>
</collection>